<?xml version="1.0" encoding="UTF-8"?><collection xmlns="http://www.loc.gov/MARC21/slim"><record><leader>00437nam--2200181-i-4500</leader><controlfield tag="001">000014935</controlfield><controlfield tag="002">20161230</controlfield><controlfield tag="005">20161230201031</controlfield><controlfield tag="008">060222s1000------------r-----000-0-fre-d</controlfield><datafield ind1=" " ind2=" " tag="040"><subfield code="a">IFIN-HH</subfield></datafield><datafield ind1=" " ind2=" " tag="041"><subfield code="a">fre</subfield></datafield><datafield ind1=" " ind2=" " tag="080"><subfield code="a">539.1.01</subfield></datafield><datafield ind1="1" ind2=" " tag="100"><subfield code="a">Bayet, Michel</subfield></datafield><datafield ind1="1" ind2="0" tag="245"><subfield code="a">Physique nucleaire</subfield><subfield code="c">Michel bayet</subfield></datafield><datafield ind1=" " ind2=" " tag="260"><subfield code="a">Paris</subfield><subfield code="b">Masson Et C-ie Editeurs</subfield><subfield code="c">1960</subfield></datafield><datafield ind1=" " ind2=" " tag="300"><subfield code="a">404 P</subfield></datafield><datafield ind1=" " ind2=" " tag="852"><subfield code="a">11488</subfield><subfield code="c">539</subfield></datafield><datafield ind1=" " ind2=" " tag="CAT"><subfield code="a">Sys</subfield><subfield code="c">20110923</subfield><subfield code="h">100618</subfield></datafield></record></collection>